%! Author = adnansiddiquei
%! Date = 07/12/2023
